% This file was created with JabRef 2.10.
% Encoding: UTF-8


@Misc{hid-sp18-521-ec2keypair,
  Title                    = {Create a Key Pair Using Amazon EC2},

  Author                   = {{AWS}},
  HowPublished             = {Web Page},
  Month                    = {March},
  Year                     = {2018},

  Url                      = {https://docs.aws.amazon.com/AWSEC2/latest/UserGuide/ec2-key-pairs.html#having-ec2-create-your-key-pair}
}

@Misc{hid-sp18-521-emrlaunch,
  Title                    = {Launch Sample EMR Cluster},

  Author                   = {{AWS}},
  HowPublished             = {Web Page},
  Month                    = {March},
  Year                     = {2018},

  Url                      = {https://docs.aws.amazon.com/emr/latest/ManagementGuide/emr-gs-launch-sample-cluster.html}
}

@Misc{hid-sp18-521-emrprocess,
  Title                    = {Process Your Sample Data},

  Author                   = {{AWS}},
  HowPublished             = {Web Page},
  Month                    = {March},
  Year                     = {2018},

  Url                      = {https://docs.aws.amazon.com/emr/latest/ManagementGuide/emr-gs-process-sample-data.html}
}

@Misc{hid-sp18-521-emrreset,
  Title                    = {Reset Your Environment},

  Author                   = {{AWS}},
  HowPublished             = {Web Page},
  Month                    = {March},
  Year                     = {2018},

  Url                      = {https://docs.aws.amazon.com/emr/latest/ManagementGuide/emr-gs-reset-environment.html}
}

@Misc{hid-sp18-521-prereq,
  Title                    = {Setup Prerequsites for Your Cluster},

  Author                   = {{AWS}},
  HowPublished             = {Web Page},
  Month                    = {March},
  Year                     = {2018},

  Url                      = {https://docs.aws.amazon.com/emr/latest/ManagementGuide/emr-gs-prerequisites.html}
}

@Misc{hid-sp18-521-s3bucket,
  Title                    = {How Do I Create An S3 Bucket?},

  Author                   = {{AWS}},
  HowPublished             = {Web Page},
  Month                    = {March},
  Year                     = {2018},

  Url                      = {https://docs.aws.amazon.com/AmazonS3/latest/user-guide/create-bucket.html}
}

