@Misc{hid-sp18-521-athena-faq,
  author  = {{AWS}},
  title        = {Athena FAQs},
  howpublished = {Web},
  timestamp    = {2018-01-30},
  url = {https://aws.amazon.com/athena/faqs/},
}
