% This file was created with JabRef 2.10.
% Encoding: UTF-8


@Misc{hid-sp18-521-boto,
  Title                    = {Boto 3 Quickstart},

  Author                   = {{AWS}},
  HowPublished             = {Web Page},
  Month                    = {April},
  Year                     = {2018},

  Url                      = {https://boto3.readthedocs.io/en/latest/guide/quickstart.html}
}

