% This file was created with JabRef 2.10.
% Encoding: UTF-8


@Misc{hid-sp18-521-amazonemr,
  Title                    = {Amazon EMR},

  Author                   = {AWS},
  HowPublished             = {Web Page},
  Month                    = {March},
  Year                     = {2018},

  Url                      = {https://aws.amazon.com/emr/}
}

@Misc{hid-sp18-521-amazonemr-arch,
  Title                    = {Overview of Amazon EMR Architecture},

  Author                   = {AWS},
  HowPublished             = {Web Page},
  Month                    = {March},
  Year                     = {2018},

  Url                      = {https://docs.aws.amazon.com/emr/latest/ManagementGuide/emr-overview-arch.html}
}

@Misc{hid-sp18-521-amazonemr-details,
  Title                    = {Amazon EMR Product Details},

  Author                   = {AWS},
  HowPublished             = {Web Page},
  Month                    = {March},
  Year                     = {2018},

  Url                      = {https://aws.amazon.com/emr/details/}
}

@Misc{hid-sp18-521-amazonemr-overview,
  Title                    = {Overview of Amazon EMR},

  Author                   = {AWS},
  HowPublished             = {Web Page},
  Month                    = {March},
  Year                     = {2018},

  Url                      = {https://docs.aws.amazon.com/emr/latest/ManagementGuide/emr-overview.html}
}

@Misc{hid-sp18-521-amazonemr-spark,
  Title                    = {Apache Spark on Amazon EMR},

  Author                   = {AWS},
  HowPublished             = {Web Page},
  Month                    = {March},
  Year                     = {2018},

  Url                      = {https://aws.amazon.com/emr/details/spark/}
}

@Misc{hid-sp18-521-amazonemr-whatisemr,
  Title                    = {What Is Amazon EMR?},

  Author                   = {AWS},
  HowPublished             = {Web Page},
  Month                    = {March},
  Year                     = {2018},

  Url                      = {https://docs.aws.amazon.com/emr/latest/ManagementGuide/emr-what-is-emr.html}
}

@Misc{hid-sp18-521-amazonemr-tez,
  Title                    = {Apache Tez: Accelerating Hadoop Query Processing},

  Author                   = {Arun Murthy and Bikas Saha},
  HowPublished             = {Web Page},
  Month                    = {July},
  Year                     = {2013},

  Url                      = {https://www.slideshare.net/Hadoop_Summit/murhty-saha-june26255pmroom212}
}

